@article{berman2000skill,
  title={Skill-biased technology transfer around the world},
  author={Berman, Eli and Machin, Stephen},
  journal={Oxford review of economic policy},
  volume={16},
  number={3},
  pages={12--22},
  year={2000},
  publisher={Oxford University Press}
}

@article{kijima2006did,
  title={Why did wage inequality increase? Evidence from urban India 1983--99},
  author={Kijima, Yoko},
  journal={Journal of Development Economics},
  volume={81},
  number={1},
  pages={97--117},
  year={2006},
  publisher={Elsevier}
}

@article{esposito2009sector,
  title={The sector bias of skill-biased technical change and the rising skill premium in transition economies},
  author={Esposito, Piero and Stehrer, Robert},
  journal={Empirica},
  volume={36},
  number={3},
  pages={351--364},
  year={2009},
  publisher={Springer}
}

@article{haile2017imported,
  title={Imported technology and manufacturing employment in Ethiopia},
  author={Haile, Getinet and Srour, Ilina and Vivarelli, Marco},
  journal={Eurasian Business Review},
  volume={7},
  number={1},
  pages={1--23},
  year={2017},
  publisher={Springer}
}

@article{antonelli2010effects,
  title={The effects of biased technological change on total factor productivity: empirical evidence from a sample of OECD countries},
  author={Antonelli, Cristiano and Quatraro, Francesco},
  journal={The Journal of Technology Transfer},
  volume={35},
  number={4},
  pages={361--383},
  year={2010},
  publisher={Springer}
}

@techreport{david2005tale,
  title={The tale of two traverses: Innovation and accumulation in the first two centuries of US economic growth},
  author={David, Paul A and others},
  year={2005}
}

@book{goldin2009race,
  title={The race between education and technology},
  author={Goldin, Claudia Dale and Katz, Lawrence F},
  year={2009},
  publisher={harvard university press}
}

@misc{braconier_ruiz-valenzuela_2014, 
    title={Gross Earning Inequalities in OECD Countries and Major Non-member Economies: Determinants and Future Scenarios},
    url={https://www.oecd-ilibrary.org/economics/gross-earning-inequalities-in-oecd-countries-and-major-non-member-economies_5jz123k7s8bv-en},
    journal={OECD instance}, 
    publisher={OECD}, 
    author={Braconier, Henrik and Ruiz-Valenzuela, Jenifer},
    year={2014}, 
    month={Jul}
} 

@article{lamba2009role,
  title={Role of Technology in Globalization with reference to Business Continuity},
  author={Lamba, Tripti and Malhotra, Harmeet},
  journal={Global Journal of Enterprise Information System},
  volume={1},
  number={2},
  pages={70--77},
  year={2009}
}

@misc{acemoglu_2003,
    title={Technology and Inequality}, url={https://www.nber.org/reporter/winter03/technologyandinequality.html},
    journal={National Bureay of Economic Research},
    author={Acemoglu, Daron},
    year={2003}
    } 
    
@article{thoenig2003theory,
  title={A theory of defensive skill-biased innovation and globalization},
  author={Thoenig, Mathias and Verdier, Thierry},
  journal={American Economic Review},
  volume={93},
  number={3},
  pages={709--728},
  year={2003}
}

@article{conte2011imported,
  title={Imported skill-biased technological change in developing countries},
  author={Conte, Andrea and Vivarelli, Marco},
  journal={The Developing Economies},
  volume={49},
  number={1},
  pages={36--65},
  year={2011},
  publisher={Wiley Online Library}
}

    
@article{li2010multinational,
  title={Multinational production and choice of technologies: New evidence on skill-biased technological change from China},
  author={Li, Ben},
  journal={Economics Letters},
  volume={108},
  number={2},
  pages={181--183},
  year={2010},
  publisher={Elsevier}
}

@article{rattso2013trade,
  title={Trade, Skill Biased Technical Change and Wage Inequality in S outh A frica},
  author={Ratts{\o}, J{\o}rn and Stokke, Hildegunn E},
  journal={Review of International Economics},
  volume={21},
  number={3},
  pages={419--431},
  year={2013},
  publisher={Wiley Online Library}
}

@article{pereira2016logistic,
  title={The logistic lasso and ridge regression in predicting corporate failure},
  author={Pereira, Jose Manuel and Basto, Mario and da Silva, Amelia Ferreira},
  journal={Procedia Economics and Finance},
  volume={39},
  pages={634--641},
  year={2016},
  publisher={Elsevier}
}

@article{wang2018predicting,
  title={Predicting ship fuel consumption based on LASSO regression},
  author={Wang, Shengzheng and Ji, Baoxian and Zhao, Jiansen and Liu, Wei and Xu, Tie},
  journal={Transportation Research Part D: Transport and Environment},
  volume={65},
  pages={817--824},
  year={2018},
  publisher={Elsevier}
}

@book{hosmer2013applied,
  title={Applied logistic regression},
  author={Hosmer Jr, David W and Lemeshow, Stanley and Sturdivant, Rodney X},
  volume={398},
  year={2013},
  publisher={John Wiley \& Sons}
}

@article{calderon2017economic,
  title={Economic sustainability in franchising: a model to predict franchisor success or failure},
  author={Calderon-Monge, Esther and Pastor-Sanz, Ivan and Huerta-Zavala, Pilar},
  journal={Sustainability},
  volume={9},
  number={8},
  pages={1419},
  year={2017},
  publisher={Multidisciplinary Digital Publishing Institute}
}

@article{guo2015improved,
  title={Improved variable selection algorithm using a LASSO-type penalty, with an application to assessing hepatitis B infection relevant factors in community residents},
  author={Guo, Pi and Zeng, Fangfang and Hu, Xiaomin and Zhang, Dingmei and Zhu, Shuming and Deng, Yu and Hao, Yuantao},
  journal={PLoS One},
  volume={10},
  number={7},
  pages={e0134151},
  year={2015},
  publisher={Public Library of Science}
}

@article{zhang2013prognostic,
  title={Prognostic and predictive value of a microRNA signature in stage II colon cancer: a microRNA expression analysis},
  author={Zhang, Jia-Xing and Song, Wu and Chen, Zhen-Hua and Wei, Jin-Huan and Liao, Yi-Ji and Lei, Jian and Hu, Ming and Chen, Geng-Zhen and Liao, Bing and Lu, Jian and others},
  journal={The lancet oncology},
  volume={14},
  number={13},
  pages={1295--1306},
  year={2013},
  publisher={Elsevier}
}

@article{satre2019investigating,
  title={Investigating structural and occupant drivers of annual residential electricity consumption using regularization in regression models},
  author={Satre-Meloy, Aven},
  journal={Energy},
  volume={174},
  pages={148--168},
  year={2019},
  publisher={Elsevier}
}

@article{shi2020prioritizing,
  title={Prioritizing driving factors of household carbon emissions: An application of the LASSO model with survey data},
  author={Shi, Xunpeng and Wang, Keying and Cheong, Tsun Se and Zhang, Hongwu},
  journal={Energy Economics},
  volume={92},
  pages={104942},
  year={2020},
  publisher={Elsevier}
}


@article{luan2017relationship,
  title={The relationship between annual GDP growth and income inequality: Developed and undeveloped countries},
  author={Luan, Zeyao and Zhou, Ziyi},
  year={2017},
  publisher={Georgia Institute of Technology}
}

 @misc{causa_serres_ruiz_2014,
    title={Growth and inequality: A close relationship?},
    url={http://www.oecd.org/economy/growth-and-inequality-close-relationship.htm},
    author={Causa, Orsetta and Serres, Alain de and Ruiz, Nicolas},
    journal={OECD Forum 2014},
    year={2014},
    publisher={OECD}
} 

@misc{international2010skilled,
  title={A skilled workforce for strong, sustainable and balanced growth: a G20 training strategy},
  author={International Labour Office},
  year={2010},
  publisher={International Labour Office Geneva}
}

@article{mayer2010relationship,
  title={The relationship between income inequality and inequality in schooling},
  author={Mayer, Susan E},
  journal={Theory and Research in Education},
  volume={8},
  number={1},
  pages={5--20},
  year={2010},
  publisher={SAGE Publications Sage UK: London, England}
}

@book{becker2009human,
  title={Human capital: A theoretical and empirical analysis, with special reference to education},
  author={Becker, Gary S},
  year={2009},
  publisher={University of Chicago press}
}

@book{organisation2010measuring,
  title={Measuring Globalisation: OECD Economic Globalisation Indicators 2010},
  author={Organisation for Economic Co-operation and Development},
  year={2010},
  publisher={OECD Publishing}
}

@misc{nachum2001united,
    title={United Nations Conference on Trade and Development (UNCTAD): World Investment Report 2000: Cross-Border Mergers and Acquisitions and Development United Nations},
    author={Nachum, Lilach},
    year={2001},
    publisher={JSTOR}
}

@book{miller20102010,
  title={2010 index of economic freedom},
  author={Miller, Terry and Holmes, Kim R and Feulner, Edwin J},
  year={2010},
  publisher={Wall Street Journal}
}

@misc{sas,
    title={Machine Learning: What it is and why it matters},
    url={https://www.sas.com/en_us/insights/analytics/machine-learning.html}, journal={SAS}
} 

@inproceedings{guo2011evaluation,
  title={Evaluation of a LASSO regression approach on the unrelated samples of Genetic Analysis Workshop 17},
  author={Guo, Wei and Elston, Robert C and Zhu, Xiaofeng},
  booktitle={BMC proceedings},
  volume={5},
  number={S9},
  pages={S12},
  year={2011},
  organization={Springer}
}

 @misc{uzialko_2019,
    title={Workplace Automation is Everywhere, and It's Not Just About Robots},
    url={https://www.businessnewsdaily.com/9835-automation-tech-workforce.html},
    journal={Business News Daily},
    author={Uzialko, Adam},
    year={2019}
} 
    
 @misc{tobenkin_2019,
    title={The Automation Revolution}, url={https://www.shrm.org/hr-today/news/all-things-work/pages/the-automation-revolution.aspx},
    journal={SHRM},
    publisher={SHRM},
    author={Tobenkin, David},
    year={2019},
    month={Aug}
} 

@article{acemoglu2002technical,
  title={Technical change, inequality, and the labor market},
  author={Acemoglu, Daron},
  journal={Journal of economic literature},
  volume={40},
  number={1},
  pages={7--72},
  year={2002}
}

@article{kang2002technological,
  title={Technological change and demand for skills in developing countries: an empirical investigation of the Republic of Korea's case},
  author={Kang, Seoghoon and Hong, Dong-Pyo},
  journal={The Developing Economies},
  volume={40},
  number={2},
  pages={188--207},
  year={2002},
  publisher={Wiley Online Library}
}

@misc{collins_2015,
    title={The Pros And Cons Of Globalization}, url={https://www.forbes.com/sites/mikecollins/2015/05/06/the-pros-and-cons-of-globalization/},
    journal={Forbes},
    publisher={Forbes Magazine},
    author={Collins, Mike},
    year={2015},
    month={May}
} 


@article{scikit-learn,
 title={Scikit-learn: Machine Learning in {P}ython},
 author={Pedregosa, F. and Varoquaux, G. and Gramfort, A. and Michel, V.
         and Thirion, B. and Grisel, O. and Blondel, M. and Prettenhofer, P.
         and Weiss, R. and Dubourg, V. and Vanderplas, J. and Passos, A. and
         Cournapeau, D. and Brucher, M. and Perrot, M. and Duchesnay, E.},
 journal={Journal of Machine Learning Research},
 volume={12},
 pages={2825--2830},
 year={2011}
}

@article{neill2018chapter,
  title={Chapter 8-ocean Modelling for resource characterization},
  author={Neill, Simon P and Hashemi, M Reza},
  journal={Fundamentals of Ocean Renewable Energy},
  pages={193--235},
  year={2018}
}

@misc{leamerheckscher,
  title={The Heckscher-Ohlin model in theory and practice},
  author={Leamer, Edward E and others},
  year={1995},
  publisher={International Finance Section, Department of Economics, Princeton University~…}
}

@misc{sumagaysay_2019,
    title={World Bank: Robots are taking some jobs, but not all}, url={https://www.mercurynews.com/2019/01/03/world-bank-robots-are-taking-some-jobs-but-not-all/},
    journal={The Mercury News},
    publisher={The Mercury News},
    author={Sumagaysay, Levi},
    year={2019},
    month={Jan}
}
    
    
@misc{unitednations,
    title={Rising inequality affecting more than two-thirds of the globe, but it's not inevitable: new UN report | | UN News},
    url={https://news.un.org/en/story/2020/01/1055681},
    journal={United Nations},
    publisher={United Nations}
}

 @misc{nationalarchives,
    title={Remarks by the President on Economic Mobility},
    url={https://obamawhitehouse.archives.gov/the-press-office/2013/12/04/remarks-president-economic-mobility},
    journal={National Archives and Records Administration}, publisher={National Archives and Records Administration}
} 

 @misc{harris_kimson_schwedel_2019,
    title={Labor 2030: The Collision of Demographics, Automation and Inequality},
    url={https://www.bain.com/insights/labor-2030-the-collision-of-demographics-automation-and-inequality/},
    journal={Bain},
    author={Harris, Karen and Kimson, Austin and Schwedel, Andrew}, year={2019},
    month={Mar}
} 

 @misc{carpentier_wright_passos,
    title={Goal 10-Why Addressing Inequality Matters}, url={https://www.un.org/en/chronicle/article/goal-10-why-addressing-inequality-matters},
    journal={United Nations},
    publisher={United Nations},
    author={Carpentier, Chantal Line and Wright, Richard Kozul and Passos, Fabio David}
} 

 @misc{nardinelli,
    title={Industrial Revolution and the Standard of Living}, url={https://www.econlib.org/library/Enc/IndustrialRevolutionandtheStandardofLiving.html},
    journal={Econlib},
    author={Nardinelli, Clark}
} 

@article{ryckbosch2016economic,
  title={Economic inequality and growth before the industrial revolution: the case of the Low Countries (fourteenth to nineteenth centuries)},
  author={Ryckbosch, Wouter},
  journal={European Review of Economic History},
  volume={20},
  number={1},
  pages={1--22},
  year={2016},
  publisher={Oxford University Press}
}

@article{korzeniewicz2005theorizing,
  title={Theorizing the relationship between inequality and economic growth},
  author={Korzeniewicz, Roberto Patricio and Moran, Timothy Patrick},
  journal={Theory and Society},
  volume={34},
  number={3},
  pages={277--316},
  year={2005},
  publisher={Springer}
}

@article{aissaoui2015skill,
  title={Skill-biased Technological Change, E-skills and Wage Inequality: Evidence from Tunisia},
  author={Aissaoui, Najeh and Ben Hassen, Lobna},
  year={2015}
}

@article{nguyen2018skill,
  title={Skill-biased technological change in Vietnam},
  author={Nguyen, Thong},
  year={2018}
}

@misc{bureau,
    title={Data},
    url={https://www.census.gov/data.html},
    author={Bureau, US Census}
} 

 @misc{braconier_ruiz-valenzuela_2014,
    title={Gross Earning Inequalities in OECD Countries and Major Non-member Economies: Determinants and Future Scenarios}, url={https://www.oecd-ilibrary.org/economics/gross-earning-inequalities-in-oecd-countries-and-major-non-member-economies_5jz123k7s8bv-en;jsessionid=u1623C8c-vL7SynfgQpAYb4R.ip-10-240-5-106},
    journal={OECD instance},
    publisher={OECD},
    author={Braconier, Henrik and Ruiz-Valenzuela, Jenifer},
    year={2014},
    month={Jul}
} 

@article{atkinson2007distribution,
  title={The distribution of earnings in OECD countries},
  author={Atkinson, Anthony B},
  journal={International labour review},
  volume={146},
  number={1-2},
  pages={41--60},
  year={2007},
  publisher={Wiley Online Library}
}

@article{almeida2010sbtc,
  title={SBTC versus trade: testing skill-premia evidence across 25 OECD countries},
  author={Almeida, Alexandre and Afonso, {\'O}scar},
  journal={Applied Economics Letters},
  volume={17},
  number={15},
  pages={1497--1501},
  year={2010},
  publisher={Taylor \& Francis}
}

@article{sakurai2001biased,
  title={Biased technological change and japanese manufacturing employment},
  author={Sakurai, Kojiro},
  journal={Journal of the Japanese and International Economies},
  volume={15},
  number={3},
  pages={298--322},
  year={2001},
  publisher={Elsevier}
}

@article{gorg2002relative,
  title={Relative wages, openness and skill-biased technological change},
  author={G{\"o}rg, Holger and Strobl, Eric},
  year={2002},
  publisher={IZA Discussion Paper}
}

@article{mannodi2016critical,
  title={Critical assessment of regression-based machine learning methods for polymer dielectrics},
  author={Mannodi-Kanakkithodi, Arun and Pilania, Ghanshyam and Ramprasad, Rampi},
  journal={Computational Materials Science},
  volume={125},
  pages={123--135},
  year={2016},
  publisher={Elsevier}
}

@article{ranstam2018lasso,
  title={LASSO regression},
  author={Ranstam, J and Cook, J},
  year={2018}
}

@article{tibshirani1996regression,
  title={Regression shrinkage and selection via the lasso},
  author={Tibshirani, Robert},
  journal={Journal of the Royal Statistical Society: Series B (Methodological)},
  volume={58},
  number={1},
  pages={267--288},
  year={1996},
  publisher={Wiley Online Library}
}

@article{lee2014application,
  title={Application of fused lasso logistic regression to the study of corpus callosum thickness in early Alzheimer's disease},
  author={Lee, Sang H and Yu, Donghyeon and Bachman, Alvin H and Lim, Johan and Ardekani, Babak A},
  journal={Journal of neuroscience methods},
  volume={221},
  pages={78--84},
  year={2014},
  publisher={Elsevier}
}

@article{lu2011lasso,
  title={A Lasso regression model for the construction of microRNA-target regulatory networks},
  author={Lu, Yiming and Zhou, Yang and Qu, Wubin and Deng, Minghua and Zhang, Chenggang},
  journal={Bioinformatics},
  volume={27},
  number={17},
  pages={2406--2413},
  year={2011},
  publisher={Oxford University Press}
}

@article{algamal2015penalized,
  title={Penalized logistic regression with the adaptive LASSO for gene selection in high-dimensional cancer classification},
  author={Algamal, Zakariya Yahya and Lee, Muhammad Hisyam},
  journal={Expert Systems with Applications},
  volume={42},
  number={23},
  pages={9326--9332},
  year={2015},
  publisher={Elsevier}
}

@article{setiawan2018lasso,
  title={Lasso technique application in stock market modelling: An empirical evidence in indonesia},
  author={Setiawan, Budi},
  journal={Sriwijaya International Journal of Dynamic Economics and Business},
  volume={2},
  number={1},
  pages={51--62},
  year={2018}
}

@techreport{blackwell2020reducing,
  title={Reducing model misspecification and bias in the estimation of interactions},
  author={Blackwell, Matthew and Olson, Michael},
  year={2020},
  institution={Working Paper available at https://mattblackwell. org/files/papers/lasso~…}
}

@article{chen2019calibrating,
  title={Calibrating non-probability surveys to estimated control totals using LASSO, with an application to political polling},
  author={Chen, Jack Kuang Tsung and Valliant, Richard L and Elliott, Michael R},
  journal={Journal of the Royal Statistical Society: Series C (Applied Statistics)},
  volume={68},
  number={3},
  pages={657--681},
  year={2019},
  publisher={Wiley Online Library}
}

@article{yang2015very,
  title={Very short term irradiance forecasting using the lasso},
  author={Yang, Dazhi and Ye, Zhen and Lim, Li Hong Idris and Dong, Zibo},
  journal={Solar Energy},
  volume={114},
  pages={314--326},
  year={2015},
  publisher={Elsevier}
}

@article{li2020comparing,
  title={Comparing the Lasso predictor-selection and regression method with classical approaches of precipitation bias adjustment in decadal climate predictions},
  author={Li, Jingmin and Pollinger, Felix and Paeth, Heiko},
  journal={Monthly Weather Review},
  volume={148},
  number={10},
  pages={4339--4351},
  year={2020}
}

@misc{McKinsey,
  title={Jobs lost, jobs gained: What the future of work will mean for jobs, skills, and wages},
  journal={McKinsey & Company},
  author={Manyika, James},
  year={2017},
  month={Nov}
}

@article{yglesias_2015,
  title={The automation myth},
  journal={Vox},
  publisher={Vox},
  author={Yglesias, Matthew},
  year={2015},
  month={Jul}
}

@article{thinkautomation_2020,
  title={A history of automation: The rise of robots and AI},
  journal={ThinkAutomation},
  year={2020},
  month={Feb}
}

@article{vardi_2019,
  title={What the Industrial Revolution really tells us about the future of automation and work},
  journal={The Conversation},
  author={Vardi, Moshe Y.},
  year={2019},
  month={Aug}
}

@article{surani2017economic,
  title={The Economic Impact of Research and Development},
  author={Surani, Sana and Gendron, Will and Maredia, Swati},
  year={2017},
  publisher={Georgia Institute of Technology}
}

@inproceedings{onyeiwu2008does,
  title={Does investment in knowledge and technology spur “optimal” FDI in the MENA region? Evidence from logit and cross-country regressions},
  author={Onyeiwu, Steve},
  booktitle={African Economic Development Conference, Tunis},
  year={2008}
}

@misc{writtenbyborgebrende, 
    title={Why education is the key to development}, url={https://www.weforum.org/agenda/2015/07/why-education-is-the-key-to-development/},
    journal={World Economic Forum},
    author={Børge Brende}
}

@article{gani2009technological,
  title={Technological achievement, high technology exports and growth},
  author={Gani, Azmat},
  journal={Journal of Comparative International Management},
  year={2009}
}

@article{awokuse2007causality,
  title={Causality between exports, imports, and economic growth: Evidence from transition economies},
  author={Awokuse, Titus O},
  journal={Economics letters},
  volume={94},
  number={3},
  pages={389--395},
  year={2007},
  publisher={Elsevier}
}

@article{chintrakarn2012fdi,
  title={FDI and income inequality: Evidence from a panel of US states},
  author={Chintrakarn, Pandej and Herzer, Dierk and Nunnenkamp, Peter},
  journal={Economic inquiry},
  volume={50},
  number={3},
  pages={788--801},
  year={2012},
  publisher={Wiley Online Library}
}

@article{rosenfeld2019international,
  title={International Trade and Income Inequality: The Case of Latin American Countries},
  author={Rosenfeld, Tomas Reis},
  year={2019}
}

@article{iqbal2014impact,
  title={Impact of foreign direct investment (FDI) on GDP: A Case study from Pakistan},
  author={Iqbal, Nadeem and Ahmad, Naveed and Haider, Zeeshan and Anwar, Sonia},
  journal={International Letters of Social and Humanistic Sciences},
  volume={16},
  number={5},
  pages={73--80},
  year={2014},
  publisher={DEU}
}

@article{ugochukwu2013impact,
  title={The impact of capital formation on the growth of Nigerian economy},
  author={Ugochukwu, Ugwuegbe S and Chinyere, Uruakpa Peter},
  journal={Research journal of finance and accounting},
  volume={4},
  number={9},
  pages={36--42},
  year={2013},
  publisher={Citeseer}
}

@article{idris2016trade,
  title={Trade openness and economic growth: A causality test in panel perspective},
  author={Idris, Jamilah and Yusop, Zulkornain and Habibullah, Muzafar Shah},
  journal={International Journal of Business and Society},
  volume={17},
  number={2},
  year={2016}
}

@misc{manyika_roxburgh_2019,
    title={The great transformer: The impact of the Internet on economic growth and prosperity}, url={https://www.mckinsey.com/industries/technology-media-and-telecommunications/our-insights/the-great-transformer},
    journal={McKinsey & Company},
    publisher={McKinsey & Company},
    author={Manyika, James and Roxburgh, Charles},
    year={2019},
    month={Feb}
}


@misc{worldbank,
    title={Connecting for Inclusion: Broadband Access for All}, url={https://www.worldbank.org/en/topic/digitaldevelopment/brief/connecting-for-inclusion-broadband-access-for-all},
    journal={World Bank}
}
    
    
@misc{regev_2007,
    title={Labor Force Participation and the Prospects for U.S. Growth}, url={https://www.frbsf.org/economic-research/publications/economic-letter/2007/november/labor-force-participation-us-growth/},
    journal={Federal Reserve Bank of San Francisco},
    publisher={Federal Reserve Bank of San Francisco},
    author={Regev, Mary Daly and Tali},
    year={2007},
    month={Nov}
}

@article{hossain2012total,
  title={Total labor force and GDP of Bangladesh: an analysis in between the year 2002-2009},
  author={Hossain, Muhammad Iqbal},
  year={2012}
}

@article{srour2013skill,
  title={Skill-biased technological change and skill-enhancing trade in Turkey: evidence from longitudinal microdata},
  author={Srour, Ilina and Taymaz, Erol and Vivarelli, Marco},
  year={2013},
  publisher={IZA Discussion Paper}
}

@misc{jankirenz_2020,
    title={Lasso Regression with Python}, url={https://www.kirenz.com/post/2019-08-12-python-lasso-regression-auto/}, journal={Jan Kirenz},
    author={Jan Kirenz},
    year={2020},
    month={May}}